<?xml version="1.0" encoding="UTF-8"?><record xmlns="http://www.loc.gov/MARC21/slim" xmlns:cinclude="http://apache.org/cocoon/include/1.0" xmlns:zs="http://www.loc.gov/zing/srw/">
  <leader>00587cz  a2200133n  4500</leader>
  <controlfield tag="001">n  96045518 </controlfield>
  <controlfield tag="003">DLC</controlfield>
  <controlfield tag="005">20120731083009.0</controlfield>
  <controlfield tag="008">960509n| acannaab           |n ana      </controlfield>
  <datafield tag="010" ind1=" " ind2=" ">
    <subfield code="a">n  96045518 </subfield>
  </datafield>
  <datafield tag="040" ind1=" " ind2=" ">
    <subfield code="a">DLC</subfield>
    <subfield code="b">eng</subfield>
    <subfield code="c">DLC</subfield>
    <subfield code="d">DLC</subfield>
  </datafield>
  <datafield tag="111" ind1="2" ind2=" ">
    <subfield code="a">Seminario sobre la Accesibilidad a los Documentos Archivi휍혖sticos</subfield>
    <subfield code="d">(1994 :</subfield>
    <subfield code="c">Lima, Peru)</subfield>
  </datafield>
  <datafield tag="667" ind1=" " ind2=" ">
    <subfield code="a">THIS 1XX FIELD CANNOT BE USED UNDER RDA UNTIL THIS RECORD HAS BEEN REVIEWED AND/OR UPDATED</subfield>
  </datafield>
  <datafield tag="670" ind1=" " ind2=" ">
    <subfield code="a">Accesibilidad a los documentos archivi휍혖sticos, 1994:</subfield>
    <subfield code="b">p. 5 (Seminario sobre la Accesibilidad a los Documentos; held Aug. 16-18, 1994, Lima, Peru)</subfield>
  </datafield>
</record>